% https://de.wikipedia.org/wiki/BibTeX

@misc{forbes,
  title="The Top 10 AI And Machine Learning Use Cases Everyone Should Know About",
  howpublished = "https://www.forbes.com/sites/bernardmarr/2016/09/30/what-are-the-top-10-use-cases-for-machine-learning-and-ai",
  note="Accessed: 2017-08-14",
  author="Bernard Marr",
  month=sep,
  year=2016
}

@conference{existing_work_1,
        AUTHOR="Feng, Yingyu and Jones, Kelvyn",
        title="Comparing Multilevel Modelling and Artificial Neural Networks in House Price Prediction",
        INSTITUTION="IEEE",
        NUMBER=15522824,
        MONTH=jul,
        YEAR=2015
}

@conference{existing_work_2,
        AUTHOR="Lim, Wan Teng and Wang, Lipo and Wang, Yaoli and Chang, Qing",
        title="Housing Price Prediction Using Neural Networks ",
        INSTITUTION="IEEE",
        NUMBER=16409278,
        MONTH=aug,
        YEAR=2016
}

@TECHREPORT{existing_work_3,
        AUTHOR="Moosavi, Vahid",
        TITLE="Urban Data Streams and Machine Learning: A Case of Swiss Real Estate Market",
        INSTITUTION="Cornell University Library",
        MONTH=march,
        YEAR=2017
}

@TECHREPORT{existing_work_4,
        AUTHOR="Jirong, Gu and Mingcang, Zhu and Liuguangyan, Jiang",
        TITLE="Housing price forecasting based on genetic algorithm and support vector machine",
        INSTITUTION="ScienceDirect",
        MONTH=april,
        YEAR=2011
}

@TECHREPORT{existing_work_5,
        AUTHOR="Park, Byeonghwa and bae, Jae Kwon",
        TITLE="Using machine learning algorithms for housing price prediction: The case of Fairfax County, irginia housing data",
        INSTITUTION="ScienceDirect",
        MONTH=april,
        YEAR=2015
}
@TECHREPORT{existing_work_6,
        AUTHOR="Handschin. Linus",
        TITLE="Smart Real Estate Value Estimation",
        INSTITUTION="ETH",
        MONTH=sep,
        YEAR=2016
}

@misc{immo_1,
  title="Nachhaltigkeit und Wertermittlung von Immobilien",
  howpublished = {http://www.ccrs.uzh.ch/dam/jcr00000000-7f73-6db1-ffff-ffffb0315d19/nuwel2011.pdf},
  note="Accessed: 2017-08-14",
  author="CCRS",
  month=dez,
  year=2011
}

@misc{immo_2,
  title="Immobilienbewertung",
  howpublished = {http://www.itera.ch/images/files/downloads/vision/1996\_2/immobilienbewertung.pdf},
  note="Accessed: 2017-08-14",
  author="Itera. C"
}

@TECHREPORT{scrapy_1,
        AUTHOR="Lin, Shan and Li, You-meng and Li, Qing-cheng",
        TITLE="Information mining system design and implementation based on web crawler",
        INSTITUTION="IEEE",
        MONTH=june,
        YEAR=2008
}

@conference{scrapy_2,
        AUTHOR="Wang, Jing and Guo, Yuchun",
        title="Scrapy-Based Crawling and User-Behavior Characteristics Analysis on Taobao",
        INSTITUTION="IEEE",
        NUMBER=13193664,
        MONTH=oct,
        YEAR=2012
}
@conference{scrapy_3,
        AUTHOR="Guojun, Zheng and Wenchao, Jia and Jihui, Shi and Fan, Shi and Hao, Zhu and Jiang, Liu",
        title="Design and application of intelligent dynamic crawler for web data mining",
        INSTITUTION="IEEE",
        NUMBER=17009839,
        MONTH=may,
        YEAR=2017
}

@misc{xpath_vs_css,
  title="Vergleich XPATH vs. CSS",
  howpublished = {http://elementalselenium.com/tips/32-xpath-vs-css},
  note="Accessed: 2017-08-14",
  author="Haeffner, Dave"
}

@conference{xpath,
        AUTHOR="Shin, Jae-ho and Joo, Gyoung-Don and Kim, Chulyun",
        title="XPath based crawling method with crowdsourcing for targeted online market places",
        INSTITUTION="IEEE",
        NUMBER=15837016,
        MONTH=jan,
        YEAR=2016
}

@misc{comparis,
  title="Comparis gewinnt Rechtsstreit",
  howpublished = {http://www.netzwoche.ch/news/2014-01-31/comparis-gewinnt-rechtsstreit-gegen-immoscout24},
  note="Accessed: 2017-08-14",
  author="Netzwoche"
}

@conference{offensive_crawling,
        AUTHOR="Jiang, Yuanshu and Tang, Wenzhong and Guo, Liyong",
        title="Offensive and defensive strategy of web crawler",
        INSTITUTION="IEEE",
        NUMBER=13166737,
        MONTH=jul,
        YEAR=2012
}

@misc{what_is_ml,
  title="Zitat Samuel",
  howpublished = {https://www.coursera.org/learn/machine-learning/lecture/Ujm7v/what-is-machine-learning},
  note="Accessed: 2017-08-14",
  author="Coursera"
}

@misc{ml_azure,
  title="Auswählen von Algorithmen für Microsoft Azure Machine Learning",
  howpublished = {https://docs.microsoft.com/de-de/azure/machine-learning/machine-learning-algorithm-choice},
  note="Accessed: 2017-08-14",
  author="Microsoft"
}

@book{super_unsuper,
  title={Machine Learning},
  author={Prieditis, Armand and Russell, Stuart},
  year={1995},
  publisher={Morgan Kaufmann Publishers, Inc},
}


@book{ml_book,
  title={Python Machine Learning},
  author={Raschka Sebastian},
  year={2015},
  publisher={Packt Publishing},
}

@TECHREPORT{error_models,
        AUTHOR="Hyndman, Rob J and Koehler, Anne B",
        TITLE="Another look at measures of forecast accuracy",
        INSTITUTION="ScienceDirect",
        MONTH=nov,
        YEAR=2005
}

@TECHREPORT{error_models_2,
        AUTHOR="Gracia, Salvador and Fernandes, Alberto and Luengo, Julian and Herrea, Francisco",
        TITLE="Advanced nonparametric tests for multiple comparisons in the design of experiments in computational intelligence and data mining: Experimental analysis of power",
        INSTITUTION="Science Direct",
        MONTH=may,
        YEAR=2015
}

@book{r2,
  title={Applied Predictive Modeling},
  author={Kuhn, Max K J},
  year={2013},
  publisher={Springer New York},
}

@misc{r2_2,
  title="Regression Analysis: How Do I Interpret R-squared and Assess the Goodness-of-Fit?",
  howpublished = {http://blog.minitab.com/blog/adventures-in-statistics-2/regression-analysis-how-do-i-interpret-r-squared-and-assess-the-goodness-of-fit},
  note="Accessed: 2017-08-14",
  author="Forst, Jim",
	MONTH=may,
  YEAR=2013
}

@TECHREPORT{cross_validation,
        AUTHOR="Rao, Baharat R and Fung, Glenn",
        TITLE="On the Dangers of Cross-Validation. An Experimental Evaluation",
        INSTITUTION="IKM CKS Siemens Medical Solutions USA",
        YEAR=2008
}

@TECHREPORT{gradient_descent,
        AUTHOR="Andrychowicz, Marcin and Denil, Misha and Colmenarejo, Sergio Gomes and Hoffman, Matthew and Pfau, David and Schual, Tom and Shillingford, Brendan and Freitas, Nando",
        TITLE="Learning to learn by gradient descent by gradient descent",
        INSTITUTION="Google DeepMind and University of Oxfort and Canadian Institute for Advanced Research",
        YEAR=2016
}

@TECHREPORT{gradient_descent_2,
        AUTHOR="Ruder, Sebastian",
        TITLE="An overview of gradient descent optimization algorithms",
        INSTITUTION="Insight Centre for Data Analytics",
        YEAR=2017
}

@book{gradient_descent_3,
  title={Lineare Regression und das Modell der linearen Wahrscheinlichkeit},
  author={Benke, j},
  year={2015},
  publisher={Springer},
}

@misc{poly,
  title="Moving Beyond Conditional Expectations: Weighted Least Squares, Heteroskedasticity,Local Polynomial Regression",
  howpublished = {http://www.stat.cmu.edu/~cshalizi/uADA/12/lectures/ch06.pdf},
  note="Accessed: 2017-08-14",
	MONTH=feb,
  YEAR=2011
}

@misc{bias_variance,
  title="Machine Learning Crash Course: Part 4 - The Bias-Variance Dilemma",
  howpublished = {https://ml.berkeley.edu/blog/2017/07/13/tutorial-4/},
  note="Accessed: 2017-08-14",
	author={Geng, Daniel and Shih, Shannon, j},
	MONTH=jul,
  YEAR=2013
}

@misc{bias_variance_2,
  title="Neural Networks and the Bias/Variance Dilemma",
  howpublished = {http://web.mit.edu/6.435/www/Geman92.pdf},
  note="Accessed: 2017-08-14",
	author={Geman, Stuart and Bienenstoack, Elie and Doursat, Rene},
}